<?xml version="1.0" encoding="UTF-8"?><collection><record><leader>02515ntm a2200445 a 4500</leader><controlfield tag="001">002583103</controlfield><controlfield tag="003">MiAaHDL</controlfield><controlfield tag="005">20190719000000.0</controlfield><controlfield tag="006">m        d        </controlfield><controlfield tag="007">cr bn ---auaua</controlfield><controlfield tag="008">921209s1731    xx            00||  ara d</controlfield><datafield tag="035" ind1=" " ind2=" "><subfield code="a">(MiU)002583103</subfield></datafield><datafield tag="035" ind1=" " ind2=" "><subfield code="a">sdr-miu002583103</subfield></datafield><datafield tag="035" ind1=" " ind2=" "><subfield code="a">(OCoLC)34365468</subfield></datafield><datafield tag="035" ind1=" " ind2=" "><subfield code="a">(RLIN)MIUH92-A52</subfield></datafield><datafield tag="040" ind1=" " ind2=" "><subfield code="a">MiU</subfield><subfield code="c">MiU</subfield><subfield code="e">appm</subfield></datafield><datafield tag="100" ind1="1" ind2=" "><subfield code="6">880-01</subfield><subfield code="a">Qāḍī Zādah, Mūsá ibn Muḥammad,</subfield><subfield code="d">d. ca. 1436.</subfield></datafield><datafield tag="245" ind1="1" ind2="0"><subfield code="6">880-02</subfield><subfield code="a">Sharḥ ashkāl al-taʾsīs :</subfield><subfield code="k">manuscript,</subfield><subfield code="f">[1731].</subfield></datafield><datafield tag="300" ind1=" " ind2=" "><subfield code="a">1</subfield><subfield code="f">v. ([82] p.) :</subfield><subfield code="b">ill. ;</subfield><subfield code="c">22 cm.</subfield></datafield><datafield tag="500" ind1=" " ind2=" "><subfield code="a">Watermark: Grapes with crown.</subfield></datafield><datafield tag="500" ind1=" " ind2=" "><subfield code="a">Contains geometrical diagrams.</subfield></datafield><datafield tag="500" ind1=" " ind2=" "><subfield code="a">Text rubricated and overlined in red; marginal commentary and finding aids in hand of copyist.</subfield></datafield><datafield tag="500" ind1=" " ind2=" "><subfield code="a">Date in colophon: wa-tārīkh tarqīmihi sanat 1143 fī Ramaḍān fī yawm 20 [29 March 1731].</subfield></datafield><datafield tag="500" ind1=" " ind2=" "><subfield code="a">For al-Samarqandī's Ashkāl al-taʾsīs, see Mich. Isl. Ms. 726; for an earlier copy of this sharḥ, see Mich. Isl. Ms. 727.</subfield></datafield><datafield tag="510" ind1="4" ind2=" "><subfield code="a">GAL,</subfield><subfield code="c">Suppl. I, p. 850; King, Survey, p. 158; cf. Dict. Sci. Biog., v. 11, pp. 227-229.</subfield></datafield><datafield tag="520" ind1=" " ind2=" "><subfield code="a">"A commentary on the Ashkāl al-taʾsīs, a compendium of geometry according to Euclid by Muḥammad ibn Ashraf al-Samarḳandī." Cataloging by Elinor M. Husselman, 1945.</subfield></datafield><datafield tag="538" ind1=" " ind2=" "><subfield code="a">Mode of access: Internet.</subfield></datafield><datafield tag="541" ind1=" " ind2=" "><subfield code="d">11/13/34</subfield><subfield code="3">Manuscript</subfield><subfield code="a">History of Science, Meyerhof 29733</subfield><subfield code="c">Purchase, 1933/34</subfield></datafield><datafield tag="545" ind1=" " ind2=" "><subfield code="a">Rector of the university built at Samarkand by order of Ulugh Beg and later director of its observatory; teacher of Ulugh Beg.</subfield></datafield><datafield tag="561" ind1=" " ind2=" "><subfield code="a">Purchased in Cairo, 1933/34.</subfield></datafield><datafield tag="600" ind1="0" ind2="0"><subfield code="a">Euclid.</subfield><subfield code="t">Elements.</subfield></datafield><datafield tag="600" ind1="1" ind2="0"><subfield code="6">880-03</subfield><subfield code="a">Samarqandī, Muḥammad ibn Ashraf,</subfield><subfield code="d">13th cent.</subfield><subfield code="t">Ashkāl al-taʾsīs.</subfield></datafield><datafield tag="650" ind1=" " ind2="0"><subfield code="a">Geometry</subfield><subfield code="y">Early works to 1800.</subfield></datafield><datafield tag="650" ind1=" " ind2="0"><subfield code="a">Mathematics, Arab</subfield><subfield code="y">Early works to 1800.</subfield></datafield><datafield tag="650" ind1=" " ind2="0"><subfield code="a">Manuscripts, Arabic</subfield><subfield code="z">Michigan</subfield><subfield code="z">Ann Arbor.</subfield></datafield><datafield tag="700" ind1="1" ind2="0"><subfield code="6">880-04</subfield><subfield code="a">Samarqandī, Muḥammad ibn Ashraf,</subfield><subfield code="d">active 13th century.</subfield><subfield code="t">Ashkāl al-taʾsīs.</subfield></datafield><datafield tag="773" ind1="0" ind2=" "><subfield code="a">Tracy W. McGregor Collection of Arabic, Persian, and Turkish Mathematical and Astronomical Manuscripts.</subfield><subfield code="7">unbc</subfield><subfield code="w">(CStRLIN)MIUH92-A20.</subfield></datafield><datafield tag="880" ind1="0" ind2="0"><subfield code="6">700-04/</subfield><subfield code="a">محمد بن أشرف السمرقندي.</subfield><subfield code="t">أشكال التأسيس.</subfield></datafield><datafield tag="880" ind1="0" ind2="0"><subfield code="6">600-03/</subfield><subfield code="a">محمد بن أشرف السمرقندي.</subfield><subfield code="t">أشكال التأسيس.</subfield></datafield><datafield tag="880" ind1="1" ind2="0"><subfield code="6">245-02/</subfield><subfield code="a">شرح أشكال التأسيس :</subfield><subfield code="k">manuscript،</subfield><subfield code="f">[1731].</subfield></datafield><datafield tag="880" ind1="0" ind2=" "><subfield code="6">100-01/</subfield><subfield code="a">موسى بن محمد قاضي زاده.</subfield></datafield><datafield tag="CID" ind1=" " ind2=" "><subfield code="a">002583103</subfield></datafield><datafield tag="DAT" ind1="0" ind2=" "><subfield code="a">20190719102632.0</subfield><subfield code="b">20190719000000.0</subfield></datafield><datafield tag="DAT" ind1="1" ind2=" "><subfield code="a">20190719090653.0</subfield><subfield code="b">2019-07-19T16:10:33Z</subfield></datafield><datafield tag="DAT" ind1="2" ind2=" "><subfield code="a">2015-10-02T18:00:03Z</subfield></datafield><datafield tag="CAT" ind1=" " ind2=" "><subfield code="a">SDR-MIU</subfield><subfield code="d">EX LIBRIS - ALEPH</subfield><subfield code="l">prepare.pl-004-008</subfield></datafield><datafield tag="FMT" ind1=" " ind2=" "><subfield code="a">BK</subfield></datafield><datafield tag="HOL" ind1=" " ind2=" "><subfield code="0">sdr-miu002583103</subfield><subfield code="a">MiU</subfield><subfield code="b">SDR</subfield><subfield code="c">MIU</subfield><subfield code="p">mdp.39015081446919</subfield><subfield code="s">MIU</subfield><subfield code="1">002583103</subfield></datafield><datafield tag="974" ind1=" " ind2=" "><subfield code="b">MIU</subfield><subfield code="c">MIU</subfield><subfield code="d">20190719</subfield><subfield code="s">lit-dlps-dc</subfield><subfield code="u">mdp.39015081446919</subfield><subfield code="y">1731</subfield><subfield code="r">pd</subfield><subfield code="q">bib</subfield><subfield code="t">non-US bib date1 &lt; 1896</subfield></datafield></record></collection>